@misc{resnet18_figure,
    author = {ResearchGate},
    title = {Structure of the ResNet-18 Model},
    url = {https://www.researchgate.net/figure/Structure-of-the-Resnet-18-Model_fig1_366608244}
}

@misc{svm_medium,
    author = {Dattana Man},
    title = {Support Vector Machine in Python},
    url = {https://medium.com/@dattanaman213/support-vector-machine-in-python-576eaac337ae}
}
